@INPROCEEDINGS{prenos_sloga, 
author={L. A. Gatys and A. S. Ecker and M. Bethge}, 
booktitle={2016 IEEE Conference on Computer Vision and Pattern Recognition (CVPR)}, 
title={Image Style Transfer Using Convolutional Neural Networks}, 
year={2016}, 
pages={2414-2423}, 
keywords={image representation;neural nets;object recognition;rendering (computer graphics);arbitrary photograph;artistic style;convolutional neural networks;high level image synthesis;image content;image processing;image representations;image style transfer;neural algorithm;object recognition;rendering;semantic content;semantic information;Feature extraction;Image reconstruction;Image representation;Neural networks;Neuroscience;Semantics;Visualization}, 
doi={10.1109/CVPR.2016.265}, 
month={June},}

@article{prenos_barve,
  author    = {Leon A. Gatys and
               Matthias Bethge and
               Aaron Hertzmann and
               Eli Shechtman},
  title     = {Preserving Color in Neural Artistic Style Transfer},
  journal   = {CoRR},
  volume    = {abs/1606.05897},
  year      = {2016},
  url       = {http://arxiv.org/abs/1606.05897},
  timestamp = {Fri, 01 Jul 2016 17:39:49 +0200},
  biburl    = {http://dblp.uni-trier.de/rec/bib/journals/corr/GatysBHS16},
  bibsource = {dblp computer science bibliography, http://dblp.org}
}

@misc{wiki:ANN,
  author = {{Wikipedia}},
  title = "Artificial neural network --- {W}ikipedia{,} The Free Encyclopedia",
  year = "2017",
  url = "https://en.wikipedia.org/wiki/Artificial_neural_network",
  note = "[Dostopno na spletu; dostopano 25.3.2017]",
  howpublished = {\url{https://en.wikipedia.org/wiki/Artificial_neural_network}}
}

@misc{wiki:CNN,
  author = {{Wikipedia}},
  title = "Convolutional neural network --- {W}ikipedia{,} The Free Encyclopedia",
  year = "2017",
  url = "https://en.wikipedia.org/wiki/Convolutional_neural_network",
  howpublished = {\url{https://en.wikipedia.org/wiki/Convolutional_neural_network}},
  note = "[Dostopno na spletu; dostopano 25.3.2017]"
}

@misc{darknet13,
  author = {{Joseph Redmon}},
  title = "Darknet: Open Source Neural Networks in C",
  year = "2013--2016",
  howpublished = {\url{http://pjreddie.com/darknet/}},
  url = "http://pjreddie.com/darknet/",
  note = "[Dostopno na spletu; dostopano 27.3.2017]"
}

@misc{vgg-19,
  author = {{Baraldi Lorenzo}},
  title = "VGG-19 pre-trained model for Keras",
  year = "2016",
  url = "https://gist.github.com/baraldilorenzo/8d096f48a1be4a2d660d",
  note = "[Dostopno na spletu; dostopano 27.3.2017]",
  howpublished = {\url{https://gist.github.com/baraldilorenzo/8d096f48a1be4a2d660d}}
}

@misc{camera-view,
  author = {{Yuichi Araki}},
  title = "CameraView",
  year = "2017",
  url = "https://github.com/google/cameraview",
  note = "[Dostopno na spletu; dostopano 15.5.2017]",  
  howpublished = {\url{https://github.com/google/cameraview}}
}

@misc{neural-style-johnson,
  author = {{J.C. Johnson}},
  title = "Torch implementation of neural style algorithm",
  year = "2017",
  url = "https://github.com/jcjohnson/neural-style",
  note = "[Dostopno na spletu; dostopano 27.3.2017]",
  howpublished = {\url{https://github.com/jcjohnson/neural-style}}
}

@misc{neural-style-fast,
  author = {{Lengstrom}},
  title = "TensorFlow CNN for fast style transfer",
  year = "2017",
  url = "\url{https://github.com/lengstrom/fast-style-transfer}",
  note = "[Dostopno na spletu; dostopano 27.3.2017]",
  howpublished = {\url{https://github.com/lengstrom/fast-style-transfer}}
}


@article{DBLP:journals/corr/RedmonF16,
  author    = {Joseph Redmon and
               Ali Farhadi},
  title     = {{YOLO9000:} Better, Faster, Stronger},
  journal   = {CoRR},
  volume    = {abs/1612.08242},
  year      = {2016},
  url       = {http://arxiv.org/abs/1612.08242},
  timestamp = {Mon, 02 Jan 2017 11:09:15 +0100},
  biburl    = {http://dblp.uni-trier.de/rec/bib/journals/corr/RedmonF16},
  bibsource = {dblp computer science bibliography, http://dblp.org}
}

@misc{wiki:asp_net_core,
  author = {{Wikipedia}},
  title = "ASP.NET Core --- {W}ikipedia{,} The Free Encyclopedia",
  year = "2017",
  url = "https://en.wikipedia.org/wiki/ASP.NET_Core",
  note = "[Dostopno na spletu; dostopano 15.5.2017]",
  howpublished = {\url{https://en.wikipedia.org/wiki/ASP.NET_Core}}
}

@misc{wiki:nginx,
  author = {{Wikipedia}},
  title = "Nginx --- {W}ikipedia{,} The Free Encyclopedia",
  year = "2017",
  url = "https://en.wikipedia.org/wiki/Nginx",
  note = "[Dostopno na spletu; dostopano 15.5.2017]",
  howpublished = {\url{https://en.wikipedia.org/wiki/Nginx}}
}