@INPROCEEDINGS{prenos_sloga, 
author={L. A. Gatys and A. S. Ecker and M. Bethge}, 
booktitle={2016 IEEE Conference on Computer Vision and Pattern Recognition (CVPR)}, 
title={Image Style Transfer Using Convolutional Neural Networks}, 
year={2016}, 
pages={2414-2423}, 
keywords={image representation;neural nets;object recognition;rendering (computer graphics);arbitrary photograph;artistic style;convolutional neural networks;high level image synthesis;image content;image processing;image representations;image style transfer;neural algorithm;object recognition;rendering;semantic content;semantic information;Feature extraction;Image reconstruction;Image representation;Neural networks;Neuroscience;Semantics;Visualization}, 
doi={10.1109/CVPR.2016.265}, 
month={June},}

@article{prenos_barve,
  author    = {Leon A. Gatys and
               Matthias Bethge and
               Aaron Hertzmann and
               Eli Shechtman},
  title     = {Preserving Color in Neural Artistic Style Transfer},
  journal   = {CoRR},
  volume    = {abs/1606.05897},
  year      = {2016},
  url       = {http://arxiv.org/abs/1606.05897},
  timestamp = {Fri, 01 Jul 2016 17:39:49 +0200},
  biburl    = {http://dblp.uni-trier.de/rec/bib/journals/corr/GatysBHS16},
  bibsource = {dblp computer science bibliography, http://dblp.org}
}

@misc{wiki:ANN,
  title = {Artificial neural network},
  howpublished = {\url{https://en.wikipedia.org/wiki/Artificial_neural_network}},
  note = {Accessed: 2017-03-25}
}

@misc{wiki:CNN,
  title = {Convolutional neural network},
  howpublished = {\url{https://en.wikipedia.org/wiki/Convolutional_neural_network}},
  note = {Accessed: 2017-03-25}
}

@misc{darknet13,
  author =   {Joseph Redmon},
  title =    {Darknet: Open Source Neural Networks in C},
  howpublished = {\url{http://pjreddie.com/darknet/}},
  year = {2013--2016}
}

@misc{cwac-cam,
  author =   {Mark Murphy},
  title =    {CWAC-Cam2: Taking Pictures. Made (Somewhat) Sensible. Again.},
  howpublished = {\url{https://github.com/commonsguy/cwac-cam2}},
  year = {2017}
}

@article{DBLP:journals/corr/RedmonF16,
  author    = {Joseph Redmon and
               Ali Farhadi},
  title     = {{YOLO9000:} Better, Faster, Stronger},
  journal   = {CoRR},
  volume    = {abs/1612.08242},
  year      = {2016},
  url       = {http://arxiv.org/abs/1612.08242},
  timestamp = {Mon, 02 Jan 2017 11:09:15 +0100},
  biburl    = {http://dblp.uni-trier.de/rec/bib/journals/corr/RedmonF16},
  bibsource = {dblp computer science bibliography, http://dblp.org}
}